@book{spice,
author = {Steven M. Sandler and Charls Hymowitz},
title = {SPICE Circuit Handbook},
institution = {NYU},
year = {2006}}

@INPROCEEDINGS{yogesh-paper,
	title = {Open Source CAD (OSCAD) tool for Electronic and Electrical Engineers},
	author = {Yogesh Dilip Save and Saket Chaudhury and Kannan M Moudgalya},
}

@Electronic{kicad,
     author ={Jean-Pierre Charras and Fabrizio Tappero},
     url = {http://www.kicad-pcb.org/display/KICAD/KiCad+Documentation},
     month = {May},
     year = 2013
}

@book{ngspice,
author = {Paolo Nenzi and Holger Vogt},
title = {Ngspice Users Manual version 25plus},
year = {2013}}

@Electronic{eeschema,
     url = {http://www.kicad-pcb.org/display/KICAD/KiCad+EDA+Software+Suite},
     month = {May},
     year = 2013
}

@Electronic{ngspice-web,
     url = {http://ngspice.sourceforge.net/},
     month = {May},
     year = 2013
}
   
@Electronic{scilab,
     url = {http://www.scilab.org/},
     month = {May},
     year = 2013
} 

@Electronic{eda,
     url = {http://en.wikipedia.org/wiki/Electronic_design_automation},
     month = {May},
     year = 2013
} 

@book{sedra,
author = {Adel S.Sedra and Kenneth C. Smith and Arun N Chandorkar},
title = {Microelectronics Circuits - Theory and Applications},
publisher = {Oxford University Press},
year = {2009}}


